@article{SopPatSar14,
  author = {Sopasakis, P. and  Patrinos, P. and Sarimveis, H.},
  year = {2014},
  title = {Model Predictive Control for Optimal Continuous Drug Administration},
  journal = {Computer Methods and Programs in Biomedicine},
  note = {Accepted for publication on 29 May 2014}
}